@ARTICLE {chatley2017lean,
  title={Lean learning-applying lean techniques to improve software engineering education},
  author={Chatley, Robert and Field, Tony},
  booktitle={2017 IEEE/ACM 39th International Conference on Software Engineering: Software Engineering Education and Training Track (ICSE-SEET)},
  pages={117--126},
  year={2017},
  organization={IEEE},
  journal={IEEE/ACM 39th International Conference on Software Engineering: Software Engineering Education and Training Track (ICSE-SEET)}
}

@ARTICLE {marques2017enhancing,
  title={Enhancing the student learning experience in software engineering project courses},
  author={Marques, Maira and Ochoa, Sergio F and Bastarrica, Maria Cecilia and Gutierrez, Francisco J},
  journal={IEEE Transactions on Education},
  volume={61},
  number={1},
  pages={63--73},
  year={2017},
  publisher={IEEE}
}

@ARTICLE {poth2019lean,
  title={Lean and agile software process improvement in traditional and agile environments},
  author={Poth, Alexander and Sasabe, Susumu and Mas, Ant{\`o}nia and Mesquida, Antoni-Llu{\'\i}s},
  journal={Journal of Software: Evolution and Process},
  volume={31},
  number={1},
  pages={e1986},
  year={2019},
  publisher={Wiley Online Library}
}

@ARTICLE {Yadav2018,
author = {Yadav, Ramkaran and Mittal, M.L. and Jain, Rakesh},
year = {2018},
month = {11},
pages = {},
title = {Adoption of lean principles in software development projects},
volume = {11},
journal = {International Journal of Lean Six Sigma},
doi = {10.1108/IJLSS-03-2018-0031}
}


@ARTICLE {Moralles2019,
author="Moralles, Cassiano
and Vaccaro, Matheus
and Zorzetti, Maximilian
and Pereira, Eliana
and Trindade, C{\'a}ssio
and Prauchner, Bruna
and Marczak, Sabrina
and Bastos, Ricardo",
editor="Meirelles, Paulo
and Nelson, Maria Augusta
and Rocha, Carla",
title="On the Mapping of Underlying Concepts of a Combined Use of Lean and User-Centered Design with Agile Development: The Case Study of the Transformation Process of an IT Company",
booktitle="Agile Methods",
year="2019",
journal="Springer International Publishing",
address="Cham",
pages="25--40",
isbn="978-3-030-36701-5"
}

@ARTICLE {wei2019,
 author = {Raaby Miranda and Diovanni  Araújo and Carlos  Portela and Albert  Lopes},
 title = {Uma Análise do Impacto da Filosofia Ágil do Scrum no Sucesso de Projetos de Software},
 booktitle = {Anais do XXVII Workshop sobre Educação em Computação},
 location = {Belém},
 year = {2019},
 keywords = {},
 issn = {2595-6175},
 pages = {389--403},
 publisher = {SBC},
 address = {Porto Alegre, RS, Brasil},
 doi = {10.5753/wei.2019.6645},
 journal={Porto Alegre: Sociedade Brasileira de Computação, 2019},
 url = {https://sol.sbc.org.br/index.php/wei/article/view/6645}
}

@book{madruga2018,
  title={Treinamento e Desenvolvimento com Foco em Educa{\c{c}}{\~a}o Corporativa},
  author={Madruga, R.},
  isbn={9788547230395},
  url={https://books.google.com.br/books?id=vdJiDwAAQBAJ},
  year={2018},
  publisher={Saraiva Educa{\c{c}}{\~a}o S.A.}
}

@misc{Manifesto,
  title={Manifesto Ágil},
  author={Beck, K. and Beedle, M. and Bennekum, A. and Cockburn, A. and Cunningham, W. and Fowler, M. and Grenning, J. and Highsmith, J. and Hunt, A. and Jeffries, R. and Kern, J. and Marick, B. and Martin, R. C. and Mellor, S. and Schwaber, K. and Sutherland, J. and Thomas, D.},
  url={https://agilemanifesto.org/iso/ptbr/manifesto.html},
  year={2001}
}

@article{gamifying2018,
  title={Gamifying research in software engineering},
  author={Nowostawski, Mariusz and McCallum, Simon and Mishra, Deepti},
  journal={Computer Applications in Engineering Education},
  volume={26},
  number={5},
  pages={1641--1652},
  year={2018},
  publisher={Wiley Online Library}
}

@inproceedings{fernandes2019identifying,
  title={Identifying Success Factors in a Legacy Systems Reengineering Project Using Agile Methods},
  author={Fernandes, Everton Mateus and Barcelos, Thiago Schumacher},
  booktitle={Brazilian Workshop on Agile Methods},
  pages={101--110},
  year={2019},
  organization={Springer}
}

@article{LeanStartup2016,
  title={Analysis Of Implementation Of Lean Startup Methodology In
a Firm Of Digital Entertainment},
  author={Boufleur, João and Néstor, Ayala and Alejandro, Frank},
  journal={revista Ingeniería Industrial},
  volume={15},
  number={3},
  pages={345-356},
  year={2016}
}

@article{MIGUEL2007,
   title = {{Estudo de caso na engenharia de produção: estruturação e recomendação para sua condução}},
   journal = {{Production}},
   author={Miguel, Paulo Augusto Cauchick},
   ISSN = {0103-6513},
   language = {pt},
   URL = {http://www.scielo.br/scielo.php?script=sci_arttext&pid=S0103-65132007000100015&nrm=iso},
   volume = {17},
   year = {2007},
   month = {04},
   pages = {216 - 229},
   publisher = {scielo}
   }
   
@article{Eduser,
	author = {Meirinhos, Manuel and Osório, António},
	title = {O estudo de caso como estratégia de investigação em educação},
	journal = {Eduser - Revista de Educação},
	volume = {2},
	number = {2},
	year = {2016}
    }
    
@misc{Metricas,
  title={Tipos de Variáveis},
  author={González, Verônica},
  url={https://www.ime.unicamp.br/~veronica/Coordenadas1s/aula1.pdf},
  note={https://www.ime.unicamp.br/\%7Everonica/Coord-\ enadas1s/aula1.pdf},
  year={2018}
}

@misc{Questionarios1,
  title={Como Elaborar um Questionário},
  author={Bandeira, Marina},
  url={https://www.ufsj.edu.br/portal2-repositorio/File/lapsam/Metodo%20de%20pesquisa/Metodos%20de%20pesquisa%202013/Texto_11-_Como_elaborar_um_quesitonario.pdf},
  note={https://www.ufsj.edu.br/portal2-repositorio/File/lapsam/Metodo\%20de\%20pesquisa/Metodos\%20de\%20pesquisa\%202-\ 013/Texto\_11-\_Como\_elaborar\_um\_quesitonario.pdf},
  year={2003},
}

@article{Questionarios2,
	author={Henkel, Karl},
	title={A categorização e a validação das respostas abertas em surveys políticos},
	journal = {OPINIÃO PÚBLICA, Campinas},
	volume = {23},
	number = {3},
	year = {2017}
    }
    
@article{EnsinoEng2014,
	author = {Santos, R. and Magalhães, C. and Neto, J. and Souza, E. and Vilar, G. },
	title = {Ferramentas, métodos e experiências no ensino de Engenharia de Software: um mapeamento sistemático},
	journal = {Brazilian Symposium on Computers in Education (Simpósio Brasileiro de Informática na Educação - SBIE)},
	volume = {25},
	number = {1},
	year = {2014},
	keywords = {},
	issn = {2316-6533},
	pages = {544},
	doi = {10.5753/cbie.sbie.2014.544},
	url = {https://www.br-ie.org/pub/index.php/sbie/article/view/2983}
}

@Inbook{ChatleyBook2019,
author="Chatley, Robert",
editor="Parsons, David
and MacCallum, Kathryn",
title="Applying Lean Learning to Software Engineering Education",
bookTitle="Agile and Lean Concepts for Teaching and Learning: Bringing Methodologies from Industry to the Classroom",
year="2019",
publisher="Springer Singapore",
address="Singapore",
pages="285--302",
abstract="In this chapter, we describe the ways that we have applied lean and agile techniques to teaching software engineering at Imperial College London. We give details of the structure and evolution of our programme, which is centred on the tools, techniques and issues that feature in the everyday life of a professional software developer working in a modern team. We also show how aligning our teaching methods with the principles of lean software delivery has enabled us to provide sustained high-quality learning experiences. We examine two different types of course in detail: first, a `traditional' lecture course, where we transformed the way that course is taught and assessed, aiming to create tighter feedback loops, and second a project-based course where we ask students to put agile methods into practice themselves, working in teams to build a substantial software system over a number of months. We describe concretely how we run and structure these courses to set up effective learning experiences.",
isbn="978-981-13-2751-3",
doi="10.1007/978-981-13-2751-3_14",
url="https://doi.org/10.1007/978-981-13-2751-3_14"
}

@misc{VideoPrat3,
  title={Vídeo: Os problemas da educação atual},
  author={EducatuX, Projeto},
  url={https://www.youtube.com/watch?v=bopmvB6a5Ls&t=191s&ab_channel=ProjetoEducatuX},
  year={2017}
}

@book{LivroCFA,
  title={An{\'a}lise multivariada de dados},
  author={Hair, Joseph F and Black, William C and Babin, Barry J and Anderson, Rolph E and Tatham, Ronald L},
  year={2009},
  publisher={Bookman editora}
}

@book{marconi2003fundamentos,
  title={Fundamentos de metodologia cient{\'\i}fica},
  author={Marconi, Marina de Andrade and Lakatos, Eva Maria},
  year={2003},
  publisher={5. ed.-S{\~a}o Paulo: Atlas}
}

@incollection{marconi2012tecnicas,
  title={T{\'e}cnicas de pesquisa: planejamento e execu{\c{c}}{\~a}o de pesquisa; amostragens e t{\'e}cnicas de pesquisa; elabora{\c{c}}{\~a}o, an{\'a}lise e interpreta{\c{c}}{\~a}o de dados},
  author={Marconi, Marina de Andrade and Lakatos, Eva Maria},
  booktitle={T{\'e}cnicas de pesquisa: planejamento e execu{\c{c}}{\~a}o de pesquisa; amostragens e t{\'e}cnicas de pesquisa; elabora{\c{c}}{\~a}o, an{\'a}lise e interpreta{\c{c}}{\~a}o de dados},
  pages={277--277},
  year={2012}
}

@book{hair2009analise,
  title={An{\'a}lise multivariada de dados},
  author={Hair, Joseph F and Black, William C and Babin, Barry J and Anderson, Rolph E and Tatham, Ronald L},
  year={2009},
  publisher={Bookman editora}
}